<record><leader>00000cas a22000007a 4500</leader><controlfield tag="001">11315423</controlfield><controlfield tag="008">841026d18131826nyuwr ne      0    0eng d</controlfield><datafield ind1=" " ind2=" " tag="010"><subfield code="a">sn 84035789 </subfield></datafield><datafield ind1=" " ind2=" " tag="040"><subfield code="a">NYG</subfield><subfield code="b">eng</subfield><subfield code="c">NYG</subfield><subfield code="d">NPX</subfield><subfield code="d">NYS</subfield><subfield code="d">OCL</subfield><subfield code="d">OCLCG</subfield><subfield code="d">OCLCQ</subfield><subfield code="d">OCLCF</subfield><subfield code="d">OCLCO</subfield><subfield code="d">EUW</subfield><subfield code="d">OCL</subfield></datafield><datafield ind1=" " ind2=" " tag="042"><subfield code="a">msc</subfield></datafield><datafield ind1=" " ind2=" " tag="043"><subfield code="a">n-us-ny</subfield></datafield><datafield ind1="0" ind2=" " tag="130"><subfield code="a">Oxford gazette (Oxford, N.Y.)</subfield></datafield><datafield ind1="1" ind2="0" tag="245"><subfield code="a">Oxford gazette.</subfield></datafield><datafield ind1=" " ind2=" " tag="260"><subfield code="a">Oxford, Chenango County, N.Y. :</subfield><subfield code="b">Chauncey Morgan</subfield></datafield><datafield ind1=" " ind2=" " tag="300"><subfield code="a">v. ;</subfield><subfield code="c">49 cm.</subfield></datafield><datafield ind1=" " ind2=" " tag="310"><subfield code="a">Weekly</subfield></datafield><datafield ind1="1" ind2=" " tag="362"><subfield code="a">Vol. 1, no. 1 (Dec. 7, 1813)-v. 13, no. 32 (June 21, 1826).</subfield></datafield><datafield ind1=" " ind2=" " tag="500"><subfield code="a">Publishers: Chauncey Morgan, 1813-1823; George Hunt, 1823-1824; Hunt &amp; Noyes, 1824-1825; Howard &amp; Carlisle, 1825; Chauncey Morgan, &lt;1825&gt;.</subfield></datafield><datafield ind1=" " ind2=" " tag="500"><subfield code="a">Published on Tuesday, 1813-Aug. 1814; published on Saturday, &lt;Aug. 27, 1814&gt;.</subfield></datafield><datafield ind1=" " ind2=" " tag="515"><subfield code="a">Aug. 7, 1822 issue misdated July 31, 1822; Aug. 21, 1822 issue misdated Aug. 12, 1822; Jan. 7, 1824 issue misdated Jan. 8, 1824.</subfield></datafield><datafield ind1=" " ind2="0" tag="651"><subfield code="a">Oxford (Chenango County, N.Y.)</subfield><subfield code="v">Newspapers.</subfield></datafield><datafield ind1=" " ind2="0" tag="651"><subfield code="a">Chenango County (N.Y.)</subfield><subfield code="v">Newspapers.</subfield></datafield><datafield ind1=" " ind2="7" tag="651"><subfield code="a">New York (State)</subfield><subfield code="z">Chenango County.</subfield><subfield code="2">fast</subfield><subfield code="0">(OCoLC)fst01219273</subfield></datafield><datafield ind1=" " ind2="7" tag="651"><subfield code="a">New York (State)</subfield><subfield code="z">Oxford (Chenango County)</subfield><subfield code="2">fast</subfield><subfield code="0">(OCoLC)fst01313592</subfield></datafield><datafield ind1=" " ind2="7" tag="655"><subfield code="a">Periodicals</subfield><subfield code="2">fast</subfield><subfield code="0">(OCoLC)fst01411641</subfield></datafield><datafield ind1=" " ind2="7" tag="655"><subfield code="a">Newspapers.</subfield><subfield code="2">fast</subfield><subfield code="0">(OCoLC)fst01423814</subfield></datafield><datafield ind1=" " ind2="0" tag="655"><subfield code="a">Electronic journals.</subfield></datafield><datafield ind1="1" ind2=" " tag="700"><subfield code="a">Morgan, Chauncey,</subfield><subfield code="d">1791-1859.</subfield></datafield><datafield ind1=" " ind2=" " tag="752"><subfield code="a">United States</subfield><subfield code="b">New York</subfield><subfield code="c">Chenango</subfield><subfield code="d">Oxford.</subfield></datafield><datafield ind1="0" ind2="7" tag="785"><subfield code="t">People's advocate (Norwich, N.Y.)</subfield><subfield code="w">(DLC)sn 85026912</subfield></datafield><datafield ind1="0" ind2="7" tag="785"><subfield code="t">Chenango Republican, or Oxford gazette and people's advocate</subfield><subfield code="w">(DLC)sn 83031480</subfield></datafield><datafield ind1="1" ind2=" " tag="029"><subfield code="a">AU@</subfield><subfield code="b">000025807669</subfield></datafield></record>